<record><leader>00000cas a22000007a 4500</leader><controlfield tag="001">20952028</controlfield><controlfield tag="008">900124d17971801mduwr ne      0    0eng d</controlfield><controlfield tag="009">8898</controlfield><datafield ind1=" " ind2=" " tag="010"><subfield code="a">sn 90057017 </subfield></datafield><datafield ind1=" " ind2=" " tag="040"><subfield code="a">MFN</subfield><subfield code="b">eng</subfield><subfield code="c">MFN</subfield><subfield code="d">NYS</subfield><subfield code="d">BUF</subfield><subfield code="d">DLC</subfield><subfield code="d">OCLCF</subfield></datafield><datafield ind1="1" ind2=" " tag="029"><subfield code="a">AU@</subfield><subfield code="b">000020633075</subfield></datafield><datafield ind1=" " ind2=" " tag="042"><subfield code="a">msc</subfield></datafield><datafield ind1="0" ind2="0" tag="050"><subfield code="a">Newspaper</subfield></datafield><datafield ind1="1" ind2="4" tag="050"><subfield code="a">AN196</subfield><subfield code="b">.M37</subfield></datafield><datafield ind1="0" ind2="4" tag="245"><subfield code="a">The Maryland herald, and Elizabeth-Town advertiser.</subfield></datafield><datafield ind1=" " ind2=" " tag="260"><subfield code="a">Elizabeth-Town [i.e., Hagerstown, Md.] :</subfield><subfield code="b">Tho. Grieves,</subfield><subfield code="c">1797-1801.</subfield></datafield><datafield ind1=" " ind2=" " tag="300"><subfield code="a">5 v.</subfield></datafield><datafield ind1=" " ind2=" " tag="310"><subfield code="a">Weekly</subfield></datafield><datafield ind1="0" ind2=" " tag="362"><subfield code="a">Vol. 1, no. 1 (Mar. 2, 1797)-v. 5, no. 208 (Feb. 19, 1801).</subfield></datafield><datafield ind1=" " ind2="0" tag="651"><subfield code="a">Hagerstown (Md.)</subfield><subfield code="v">Newspapers.</subfield></datafield><datafield ind1=" " ind2="4" tag="651"><subfield code="a">Elizabethtown (Md.)</subfield><subfield code="v">Newspapers.</subfield></datafield><datafield ind1=" " ind2="0" tag="651"><subfield code="a">Washington County (Md.)</subfield><subfield code="v">Newspapers.</subfield></datafield><datafield ind1=" " ind2="7" tag="655"><subfield code="a">Newspapers.</subfield><subfield code="2">fast</subfield><subfield code="0">(OCoLC)fst01423814</subfield></datafield><datafield ind1=" " ind2="7" tag="651"><subfield code="a">Maryland</subfield><subfield code="z">Hagerstown.</subfield><subfield code="2">fast</subfield><subfield code="0">(OCoLC)fst01206554</subfield></datafield><datafield ind1=" " ind2="7" tag="651"><subfield code="a">Maryland</subfield><subfield code="z">Washington County.</subfield><subfield code="2">fast</subfield><subfield code="0">(OCoLC)fst01206555</subfield></datafield><datafield ind1=" " ind2=" " tag="752"><subfield code="a">United States</subfield><subfield code="b">Maryland</subfield><subfield code="c">Washington</subfield><subfield code="d">Hagerstown.</subfield></datafield><datafield ind1=" " ind2=" " tag="752"><subfield code="a">United States</subfield><subfield code="b">Maryland</subfield><subfield code="c">Washington</subfield><subfield code="d">Elizabethtown.</subfield></datafield><datafield ind1="0" ind2="0" tag="780"><subfield code="t">Washington spy</subfield><subfield code="w">(DLC)sn 85026579</subfield><subfield code="w">(OCoLC)12279273</subfield></datafield><datafield ind1="0" ind2="0" tag="785"><subfield code="t">Maryland herald, and Elizabeth-Town weekly advertiser</subfield><subfield code="w">(DLC)sn 83016229</subfield><subfield code="w">(OCoLC)9706840</subfield></datafield></record>